<?xml version="1.0" encoding="UTF-8"?><collection><record><leader>04346ntm a2200541 a 4500</leader><controlfield tag="001">006832593</controlfield><controlfield tag="003">MiAaHDL</controlfield><controlfield tag="005">20190719000000.0</controlfield><controlfield tag="006">m        d        </controlfield><controlfield tag="007">cr bn ---auaua</controlfield><controlfield tag="008">090629q18501899xx            00| ||ara d</controlfield><datafield tag="035" ind1=" " ind2=" "><subfield code="a">(MiU)006832593</subfield></datafield><datafield tag="035" ind1=" " ind2=" "><subfield code="a">sdr-miu006832593</subfield></datafield><datafield tag="040" ind1=" " ind2=" "><subfield code="a">MiU</subfield><subfield code="c">MiU</subfield><subfield code="e">amremm</subfield></datafield><datafield tag="043" ind1=" " ind2=" "><subfield code="a">n-us-mi</subfield><subfield code="a">a-sy---</subfield></datafield><datafield tag="100" ind1="0" ind2=" "><subfield code="6">880-01</subfield><subfield code="a">Abū al-ʻAlāʼ al-Maʻarrī,</subfield><subfield code="d">973-1057.</subfield></datafield><datafield tag="240" ind1="1" ind2="0"><subfield code="a">Correspondence.</subfield></datafield><datafield tag="245" ind1="1" ind2="0"><subfield code="6">880-03</subfield><subfield code="a">[Rasāʼil Abī ʻAlāʼ al-Maʻarrī,</subfield><subfield code="f">late 19th century?].</subfield></datafield><datafield tag="246" ind1="3" ind2="4"><subfield code="a">مجموعة رسائل</subfield></datafield><datafield tag="246" ind1="3" ind2=" "><subfield code="i">Title from inscription verso of front flyleaf (p.1):</subfield><subfield code="a">مجموعة رسائل</subfield></datafield><datafield tag="260" ind1=" " ind2=" "><subfield code="c">[1850-1899?].</subfield></datafield><datafield tag="300" ind1=" " ind2=" "><subfield code="a">111 leaves :</subfield><subfield code="b">paper ;</subfield><subfield code="c">198 x 132 (130 x 75) mm. bound to 208 x 139 mm.</subfield></datafield><datafield tag="500" ind1=" " ind2=" "><subfield code="a">Shelfmark: Ann Arbor, University of Michigan, Special Collections Library, Isl. Ms. 949</subfield></datafield><datafield tag="500" ind1=" " ind2=" "><subfield code="a">Origin: Lacks dated colophon ; paper, hand, etc. would suggest late 19th or even early 20th century.</subfield></datafield><datafield tag="500" ind1=" " ind2=" "><subfield code="a">Former shelfmark: Mich. Isl. Ms. temp. no. 98</subfield></datafield><datafield tag="500" ind1=" " ind2=" "><subfield code="a">Binding: Boards covered in black textured cloth ; Western style binding ; pastedowns and flyleaves in wove paper printed with a geometric pattern in olive green to gold ; upper cover gold-stamped with title "مجموعة رسائل" ; sewn in white thread over two recessed cords (see gutter at p.34), also stab sewn ; overall in fairly good condition with minor abrasion.</subfield></datafield><datafield tag="500" ind1=" " ind2=" "><subfield code="a">Support: Machine laid paper with 16 laid lines per cm. and no chain lines or watermark visible, burnished, light brown in color, thin, transluscent and crisp ; quite brittle with some breakage at sewing, tears, etc., some accretions and staining.</subfield></datafield><datafield tag="500" ind1=" " ind2=" "><subfield code="a">Decoration: Section headings and keywords rubricated ; use of red for abbreviation symbols, especially occasional signes de renvoi ; textual dividers in the form of red inverted commas.</subfield></datafield><datafield tag="500" ind1=" " ind2=" "><subfield code="a">Script: Naskh ; clear, carefully executed hand in a medium line ; mainly serifless with marked effect of tilt to the left, slight effect of words descending to baseline, curvilinear descenders, some free assimilation of letters, pointing in conjoined dots or strokes rather than distinct dots, partially vocalized (often in red ink).</subfield></datafield><datafield tag="500" ind1=" " ind2=" "><subfield code="a">Layout: Written in 15 lines per page ; frame-ruled (impression of ruling board evident).</subfield></datafield><datafield tag="500" ind1=" " ind2=" "><subfield code="a">Collation: i, V-4 (6), V-1 (15), 9 V(105), IV-2 (111), i ; almost exclusively quinions (some anomalous) ; catchwords present ; pagination in pencil, Hindu-Arabic numerals (begins with ٤٦) ; Western numerals, supplied during digitization.</subfield></datafield><datafield tag="500" ind1=" " ind2=" "><subfield code="a">Explicit: "ومن كلامه ورد كتاب سيدي الذي يؤمل لهلاله ان يبدر ولثغبه ان يستبحر ولمحار زمنه ان يفض عن"</subfield></datafield><datafield tag="500" ind1=" " ind2=" "><subfield code="a">Incipit: "عليك انت بزينب ودعد وسم ايها الرجل بسوى سعد ..."</subfield></datafield><datafield tag="500" ind1=" " ind2=" "><subfield code="a">Title supplied by cataloguer.</subfield></datafield><datafield tag="500" ind1=" " ind2=" "><subfield code="a">Ms. codex.</subfield></datafield><datafield tag="510" ind1="4" ind2=" "><subfield code="a">Brockelmann, C. GAL,</subfield><subfield code="c">I 254 ; S I 449</subfield></datafield><datafield tag="520" ind1="8" ind2=" "><subfield code="a">Fine though acephalous and apparently incomplete copy (ends abruptly) of the collected letters of Abū al-ʻAlāʼ al-Maʻarrī (d.1057), renowned Arabic poet and prose author of the late ʻAbbāsid period.</subfield></datafield><datafield tag="538" ind1=" " ind2=" "><subfield code="a">Mode of access: Internet.</subfield></datafield><datafield tag="541" ind1=" " ind2=" "><subfield code="a">Acquired in the Fall of 1950.</subfield></datafield><datafield tag="546" ind1=" " ind2=" "><subfield code="a">Arabic.</subfield></datafield><datafield tag="561" ind1=" " ind2=" "><subfield code="a">On upper pastedown, label with ex libris of James Heyworth-Dunne (d.1974), stamped with inventory numbers, "Ex Libris | J. Heyworth-Dunne | D. Lit. (London) | No.7778" ; UM Library inscription on p.3 "Dunning | Heyworth-Dunne | 6-13-51 | 71955" ; occasional glosses and marginal corrections with signes de renvoi (often in red) ; collation marks ("بلغ") also appear occasionally in margin (see p.6, 60, etc.).</subfield></datafield><datafield tag="600" ind1="0" ind2="0"><subfield code="a">Abū al-ʻAlāʼ al-Maʻarrī,</subfield><subfield code="d">973-1057</subfield><subfield code="v">Correspondence.</subfield></datafield><datafield tag="650" ind1=" " ind2="0"><subfield code="a">Manuscripts, Arabic</subfield><subfield code="z">Michigan</subfield><subfield code="z">Ann Arbor.</subfield></datafield><datafield tag="650" ind1=" " ind2="0"><subfield code="a">Authors, Arab</subfield><subfield code="z">Syria</subfield><subfield code="y">To 1258</subfield><subfield code="v">Correspondence.</subfield></datafield><datafield tag="700" ind1="1" ind2=" "><subfield code="a">Heyworth-Dunne, J.</subfield><subfield code="q">(James),</subfield><subfield code="e">former owner.</subfield></datafield><datafield tag="773" ind1="0" ind2=" "><subfield code="a">Heyworth-Dunne Collection.</subfield></datafield><datafield tag="880" ind1="1" ind2="0"><subfield code="6">245-03/</subfield><subfield code="a">[رسائل ابي علاء المعري,</subfield><subfield code="f">اواخر القرن 19م؟].</subfield></datafield><datafield tag="880" ind1="0" ind2=" "><subfield code="6">100-01/</subfield><subfield code="a">ابو علاء المعري.</subfield></datafield><datafield tag="CID" ind1=" " ind2=" "><subfield code="a">006832593</subfield></datafield><datafield tag="DAT" ind1="0" ind2=" "><subfield code="a">20190719102640.0</subfield><subfield code="b">20190719000000.0</subfield></datafield><datafield tag="DAT" ind1="1" ind2=" "><subfield code="a">20190719090653.0</subfield><subfield code="b">2019-07-19T16:12:25Z</subfield></datafield><datafield tag="DAT" ind1="2" ind2=" "><subfield code="a">2015-10-02T18:00:03Z</subfield><subfield code="b">2014-04-23T20:00:03Z</subfield></datafield><datafield tag="CAT" ind1=" " ind2=" "><subfield code="a">SDR-MIU</subfield><subfield code="d">EX LIBRIS - ALEPH</subfield><subfield code="l">prepare.pl-004-008</subfield></datafield><datafield tag="FMT" ind1=" " ind2=" "><subfield code="a">BK</subfield></datafield><datafield tag="HOL" ind1=" " ind2=" "><subfield code="0">sdr-miu006832593</subfield><subfield code="a">MiU</subfield><subfield code="b">SDR</subfield><subfield code="c">MIU</subfield><subfield code="p">mdp.39015079131309</subfield><subfield code="s">MIU</subfield><subfield code="1">006832593</subfield></datafield><datafield tag="974" ind1=" " ind2=" "><subfield code="b">MIU</subfield><subfield code="c">MIU</subfield><subfield code="d">20190719</subfield><subfield code="s">lit-dlps-dc</subfield><subfield code="u">mdp.39015079131309</subfield><subfield code="y">1899</subfield><subfield code="r">pd</subfield><subfield code="q">add</subfield></datafield></record></collection>